@book{potthast2015,
author = {Roland Potthast and Gen Nakamura},
title = {Inverse Modeling an introduction to the theory and method of inverse problems and data assimilation},
date = {2015},
publisher = {IOP Publishing}
}

@book{kirschgrinberg2008,
	author = {Andreas Kirsch and Natalia Grinberg},
	title = {The Factorization Method for Inverse Problems},
	date = {2008},
	publisher = {Oxford University Press}
}

@book{coltonkress2013,
	author = {David Colton and Rainer Kress},
	title = {Inverse Acoustic and Electromagnetic Scattering Theory},
	date = {2013},
	journal = {Applied Mathematical Sciences},
	volume = {93},
	publisher = {Springer}
}

@article{hansen1988,
	author = {Christian Hansen},
	title = {The 2-norm of random matrices},
	journal = {Journal of Computational and Applied Mathematics},
	volume = {23},
	number = {1},
	pages = {117-120},
	date = {1988}
}